%%1
@article{aghaei2012evolution,
  title = {Evolution of the {{W}orld} {{W}ide} {{W}eb}: {{F}rom} {{WEB}} 1.0 {{TO}} {{WEB}} 4.0},
  author = {Aghaei, Sareh and Nematbakhsh, Mohammad Ali and Farsani, Hadi Khosravi},
  year = {2012},
  volume={3},
  number={1},
  pages={1--10},
  journal = {International Journal of Web and Semantic Technology}
}
%%2
@article{alatrish2013comparison,
  title={Comparison {{S}ome} of {{O}ntology} {{E}ditors}},
  author={Alatrish, Emhimed},
  journal={Management Information Systems},
  volume={8},
  number={2},
  pages={18--24},
  year={2013},
  url = {\url{http://www.ef.uns.ac.rs/mis/archive-pdf/2013%20-%20No2/MIS2013-2-4.pdf}}
} 
%%3
@INPROCEEDINGS{antoniazz2018rdf, 
author = {Antoniazzi, Francesco and Viola, Fabio}, 
booktitle = {Proceedings of the 23rd Conference of Open Innovations Association (FRUCT)}, 
title = {{{RDF}} {{G}raph} {{V}isualization} {{T}ools}: {{A}} {{S}urvey}},
year = {2018},
pages = {25--36}, 
doi = {10.23919/FRUCT.2018.8588069}}
%%4
@inproceedings{auer2007dbpedia,
  title = {{{DB}pedia}: {{A}} {{N}ucleus} for a {{W}eb} of {{O}pen} {{D}ata}},
  author = {Auer, S{\"o}ren and Bizer, Christian and Kobilarov, Georgi and Lehmann, Jens and Cyganiak, Richard and Ives, Zachary},
  booktitle = {Proceedings of the 6th International Conference on the Semantic Web and 2nd Asian Conference on Asian Semantic Web Conference},
  pages = {722--735},
  year = {Berlin, Heidelberg, 2007},
  publisher = {Springer-Verlag}
}
%%5
@article{bauer2011linked,
  title = {Linked {{O}pen} {{D}ata}: {{T}he} {{E}ssentials} - {{A}} {{Q}uick} {{S}tart} {{G}uide} for {{D}ecision} {{M}akers}},
  author = {Bauer, Florian and Kaltenb{\"o}ck, Martin},
  journal = {Edition Mono/Monochrom},
  year = {Vienna, 2011}
}
%%6
@article{beckett2004rdf,
  title = {{{RDF}}/{{XML}} {{S}yntax} {{S}pecification} ({{R}evised})},
  author = {Beckett, Dave and McBride, Brian},
  journal = {W3C Recommendation},
  year = {2004. https://www.w3.org/TR/REC-rdf-syntax/ , accessed August 14, 2019},
  publisher = {Citeseer}
}
%%7
@article{beckett2014rdf,
  title = {{{RDF}} 1.1 {{N}}-{{T}riples}},
  author = {Beckett, David},
  journal = {W3C Recommendation},
  year = {2014. https://www.w3.org/TR/2014/REC-n-triples-20140225/ , accessed October 29, 2019}
}
%%8
@article{berners1996linked,
  title = {{{L}inked} {{D}ata}},
  author = {Berners-Lee, Tim},
  journal = {W3C Recommendation},
  year = {1996. https://www.w3.org/DesignIssues/LinkedData , accessed January 23, 2019}
 }
%%9
@article{berners1998universal,
  title = {{{U}niversal} {{R}esource} {{I}dentifiers} in {{WWW}}: {{A}} {{U}nifying} {{S}yntax} for the {{E}xpression} of {{N}ames} and {{A}ddresses} of {{O}bjects} on the {{N}etwork} as used in the {{W}orld-{W}ide} {{W}eb}},
  author = {Berners-Lee, Tim},
  year = {June 1998. https://www.rfc-editor.org/info/rfc1630 , accessed September 24, 2020},
   journal = {RFC 1630}
}
%%10
@article{bernersreadings,
  title = {The {{W}orld} {{W}ide} {{W}eb}},
  author = {Berners-Lee, Tim and Cailliau, Robert and Luotonen, Ari and Nielsen, Henrik Frystyk and Secret, Arthur},
  url = {http://www.cs.williams.edu/~tom/courses/105/readings/p76-berners-lee.pdf},
  journal = {Communications of the ACM},
  year = {1994},
  volume = {37},
  number = {8},
  pages = {76--83}
}
%%11
@article{fielding1998uri,
  title = {{{U}niform} {{R}esource} {{I}dentifiers} ({{URI}}): {{G}eneric} {{S}yntax}},
  author = {Berners-Lee, Tim and Fielding, Roy and Masinter, Larry},
  journal = {Internet Engineering Task Force, RFC 2396},
  year = {August 1998. https://www.rfc-editor.org/info/rfc2396 , accessed October 01, 2020},
}
%%12
@article{berners1998uri,
  title = {{{U}niform} {{R}esource} {{I}dentifiers} ({{URI}}): {{G}eneric} {{S}yntax}},
  author = {Berners-Lee, Tim and Fielding, Roy and Masinter, Larry},
  year = {January 2005. https://www.rfc-editor.org/info/rfc3986 , accessed October 02, 2020},
  journal = {RFC 3986},
  doi = {0.17487/RFC3986}
}
%%13
@book{bernerslee1999weaving,
author = {Berners-Lee, Tim and Fischetti, Mark},
title = {{{W}eaving} the {{W}eb}: {{T}he} {{O}riginal} {{D}esign} and {{U}ltimate} {{D}estiny} of the {{W}orld} {{W}ide} {{W}eb} by Its {{I}nventor}},
year = {1999},
publisher = {Harper San Francisco},
url = {\url{https://idoc.pub/documents/tim-berners-lee-weaving-the-web-the-original-design-and-ultimate-destiny-of-the-world-wide-web-pdf-tkrg-jlk9e76qd045}},
}
%%14
@article{bizer2009linked,
  title = {{{L}inked} {{D}ata} - {{T}he} {{S}tory} {{S}o} {{F}ar}},
  author = {Bizer, Christian and Heath, Tom and Berners-Lee, Tim},
  journal = {International Journal of Semantic Web Information Systems},
  year = {2009},
  volume = {5},
  pages = {1--22}
}
%%15
@article{bizer2009emerging,
  title = {{{T}he} {{E}merging} {{W}eb} of {{L}inked} {{D}ata}},
  author = {Bizer, Christian},
  journal = {IEEE Intelligent Systems},
  volume = {24},
  number = {5},
  pages = {87--92},
  year = {2009}
}
%%16
@incollection{bizer2011linked,
  title = {{{L}inked} {{D}ata}: {{T}he} {{S}tory} {{S}o} {{F}ar}},
  author = {Bizer, Christian and Heath, Tom and Berners-Lee, Tim},
  booktitle = {Semantic Services, Interoperability and Web Applications: Emerging Concepts},
  pages = {205--227},
  year = {2011},
  publisher = {IGI global, USA},
  url = {http://doi:10.4018/978-1-60960-593-3.ch008}
}
%%17
@incollection{bizer2008linked,
  title = {{{L}inked} {{D}ata} on the {{W}eb} ({{LDOW}2008})},
  author = {Bizer, Christian and Heath, Tom and Idehen, Kingsley and Berners-Lee, Tim},
  booktitle = {Proceedings of the 17th International Conference on World Wide Web},
  pages = {1265--1266},
  year = {2008},
  publisher = {ACM}
}
%%18
@article{bizer2009dbpedia,
  title = {{{DB}pedia}-{{A}} {{C}rystallization} {{P}oint} for the {{W}eb} of {{D}ata}},
  author = {Bizer, Christian and Lehmann, Jens and Kobilarov, Georgi and Auer, S{\"o}ren and Becker, Christian and Cyganiak, Richard and Hellmann, Sebastian},
  journal = {Web Semantics: Science, Services and Agents on the World Wide Web},
  volume = {7},
  number = {3},
  pages = {154--165},
  year = {2009},
  publisher = {Elsevier}
}
%%19
@article{choudhury2014,
    author = {Nupur Choudhury},
    title = {{{W}orld} {{W}ide} {{W}eb} and {{I}ts} {{J}ourney} from {{W}eb} 1.0 to {{W}eb 4.0}},
    journal = {International Journal of Computer Science and Information Technologies},
    year = {2014},
    volume = {5},
    number = {6},
    pages = {8096--8100}
}
%%20
@article{cyganiak2008n,
  title = {{{N}}-{{Q}uads}: {{E}xtending} {{N-T}riples} with {{C}ontext}},
  author = {Cyganiak, Richard and Harth, Andreas and Hogan, Aidan},
  journal = {W3C Recommendation},
  pages = {1--41},
  year = {2008}
}
%%21
@article{cyganiak2014rdf,
  title = {{{RDF}} 1.1 {{C}oncepts} and {{A}bstract} {{S}yntax}},
  author = {Cyganiak, Richard and Wood, David and Lanthaler, Markus and Klyne, Graham and Carroll, Jeremy J and McBride, Brian},
  journal = {W3C Recommendation},
  volume = {25},
  number = {02},
  pages = {1--22},
  year = {January 2014. http://hdl.handle.net/10421/2427 , accessed January 05, 2020}
}
%%22
@article{dhar2013,
author = {Dhar, Vasant},
title = {{{D}ata} {{S}cience} and {{P}rediction}},
year = {2013},
issue_date = {December 2013},
publisher = {Association for Computing Machinery},
address = {New York, NY, USA},
volume = {56},
number = {12},
issn = {0001-0782},
url = {\url{https://doi.org/10.1145/2500499}},
doi = {10.1145/2500499},
journal = {Communications of the ACM},
month = dec,
pages = {64--73},
numpages = {10}
}
%%23
@inproceedings{ermilov2013csv,
  title = {{{CSV2RDF}}: {{U}ser-{D}riven} {{CSV}} to {{RDF}} {{M}ass} {{C}onversion} {{F}ramework}},
  author = {Ermilov, Ivan and Auer, S{\"o}ren and Stadler, Claus},
  booktitle = {Proceedings of the International Symposium on Applied Electromagnetics and Mechanics},
  volume = {13},
  pages = {4--6},
  year = {2013},
  publisher = {ACM}
}
%%24
@inproceedings{fredo2014intro,
  title = {{{I}ntroducing} {{W}ikidata} to the {{L}inked} {{D}ata} {{W}eb}},
  author = {Erxleben, Fredo and G{\"u}nther, Michael and Kr{\"o}tzsch, Markus and Mendez, Julian and Vrande{\v{c}}i{\'c}, Denny},
  booktitle = {Proceedings of the International Semantic Web Conference},
  pages = {50--65},
  year = {2014},
  publisher = {Springer}
}
%%25
@article{falconer2010ontograf,
  title = {{{O}ntograf} {{P}rotege} {{P}lugin}},
  author = {Falconer, Sean},
  journal = {Available at: http://protegewiki.stanford.edu/wiki/OntoGraf},
  year = {2010}
}
%%26
@article{gruber1995towards,
  title = {{{T}oward} {{P}rinciples} for the {{D}esign} of {{O}ntologies} used for {{K}nowledge} {{S}haring}?},
  author = {Gruber, Thomas R},
  journal = {International Journal of Human-Computer Studies},
  volume = {43},
  number = {5},
  pages = {907--928},
  year = {1995},
  publisher = {Elsevier}
}
%%27
@inproceedings{han2008rdf,
  title = {{{RDF}}123: {{F}rom} {{S}preadsheets} to {{RDF}}},
  author = {Han, Lushan and Finin, Tim and Parr, Cynthia and Sachs, Joel and Joshi, Anupam},
  booktitle = {Proceedings of the International Semantic Web Conference},
  pages = {451--466. Springer},
  year = {2008}
}
%%28
@article{harris2009web,
  title = {{{W}eb} 2.0 and {{V}irtual} {{W}orld} {{T}echnologies}: {{A}} {{G}rowing} {{I}mpact} on {{IS}} {{E}ducation}},
  author = {Harris, Albert L. and Rea, Alan},
  year = {2009},
  journal = {Journal of Information Systems Education},
  volume = {20},
  number = {2},
  pages = {137--144},
  url = {https://aisel.aisnet.org/jise/vol20/iss2/3}
}
%%29
@article{heath2011linked,
  title = {{{L}inked} {{D}ata}: {{E}volving} the {{W}eb} into a {{G}lobal} {{D}ata} {{S}pace}},
  author = {Heath, Tom and Bizer, Christian},
  journal = {Synthesis Lectures on the Semantic Web: Theory and Technology},
  volume = {1},
  number = {1},
  pages = {1--136},
  year = {2011},
  publisher = {Morgan \& Claypool Publishers}
}
%%30
@article{prof,
  title = {{{S}tudent} {{F}eedback} {{I}nstrument}},
  author = {Hepting, Daryl},
  journal = {Available at: \url{http://www2.cs.uregina.ca/~hepting/assets/teaching/pdf/feedback-instrument.pdf}},
  year = {2020}
}
%%31
@article{horridge2009practical,
  title = {{{A}} {{P}ractical} {{G}uide} to {{B}uilding} {{OWL}} {{O}ntologies} using {{P}}rot{\'e}g{\'e} 4 and {{CO-ODE}} {{T}ools} {{E}dition} 1.3},
  author = {Horridge, Matthew and Jupp, Simon and Moulton, Georgina and Rector, Alan and Stevens, Robert and Wroe, Chris},
  journal = {The University of Manchester},
  year = {March 2011}
}
%%32
@article{jacob2003ontologies,
  title = {{{O}ntologies} and the {{S}emantic} {{W}eb}},
  author = {Jacob, Elin K},
  journal = {Bulletin of the American Society for Information Science and Technology},
  volume = {29},
  number = {4},
  pages = {19--19},
  year = {2003},
  publisher = {American Society for Information Science \& Technology}
}
%%33
@inproceedings{andreas2009xlwrap,
  title = {{{XLW}rap–{Q}uerying} and {{I}ntegrating} {{A}rbitrary} {{S}preadsheets} with {{SPARQL}}},
  author = {Langegger, Andreas and Wob, Wolfram},
  booktitle = {Proceedings of the International Semantic Web Conference},
  pages = {359--374. Springer},
  year = {2009}
}
%%34
@inproceedings{lohmann2014webvowl,
  title = {{{W}eb{VOWL}}: {{W}eb-based} {{V}isualization} of {{O}ntologies}},
  author = {Lohmann, Steffen and Link, Vincent and Marbach, Eduard and Negru, Stefan},
  booktitle = {International Conference on Knowledge Engineering and Knowledge Management},
  pages = {154--158},
  year = {2014},
  publisher = {Springer}
}

%%35
@article{manola2004rdf,
  title = {{{RDF}} {{P}rimer}},
  author = {Manola, Frank and Miller, Eric and McBride, Brian},
  journal = {W3C Recommendation},
  volume = {10},
  number = {1},
  pages = {1--6},
  year = {2004. https://www.w3.org/TR/2004/REC-rdf-primer-20040210/ , accessed December 2017}
}
%%36
@inproceedings{mcbride2004resource,
  title = {{{T}he} {{R}esource} {{D}escription} {{F}ramework} ({{RDF}}) and {{I}ts} {{V}ocabulary} {{D}escription} {{L}anguage} {{RDFS}}},
  author = {McBride, Brian},
  booktitle = {Handbook on Ontologies},
  pages = {51--65. Springer},
  year = {Berlin, 2004}
}
%%37
@inproceedings{ngomo2014introduction,
  title = {{{I}ntroduction} to {{Li}nked} {{D}ata} and {{I}ts} {{L}ife} {{C}ycle} on the {{W}eb}},
  author = {Ngomo, Axel-Cyrille Ngonga and Auer, S{\"o}ren and Lehmann, Jens and Zaveri, Amrapali},
  booktitle = {Proceedings of Reasoning Web 2014: Reasoning on the Web in the Big Data Era},
  pages = {1--99, Cham},
  year = {September 2014},
  publisher = {Springer International}
}
%%38
@article{neilson1994usability,
  title = {{{U}sability} {{E}ngineering}},
  author = {Nielsen, Jakob},
  year = {1994},
  pages = {23--48},
  journal = {Morgan Kaufmann Publichers Inc., San Franscisco, USA}
}
%%39
@inproceedings{quesenbery2003dimensions,
  title = {{{D}}imensions of {{U}sability}: {{D}efining} the {{C}onversation}, {{D}riving} the {{P}rocess}},
  author = {Quesenbery, Whitney and Design, Whitney Interactive},
  booktitle = {UPA 2003 Conference},
  pages = {23--27},
  year = {2003},
  url = {https://www.wqusability.com/articles/5es-upa2003.pdf}
}
%%40
@article{pierre2017vocabularies,
author = {Vandenbussche, Pierre-Yves and Atemezing, Ghislain and Poveda-Villalón, María and Vatant, Bernard},
year = {2017},
month = {January},
pages = {437--452},
title = {{{L}inked} {{O}pen} {{V}ocabularies} ({{LOV}}): {{A}} {{G}ateway} to {{R}eusable} {{S}emantic} {{V}ocabularies} on the {{W}eb}},
volume = {8},
number = {3},
journal = {Semantic Web},
doi = {10.3233/SW-160213}
}
%%41
@article{denny2014wikidata,
  title = {{{W}ikidata}: {{A}} {{F}ree} {{C}ollaborative} {{K}nowledgebase}},
  author = {Vrande{\v{c}}i{\'c}, Denny and Kr{\"o}tzsch, Markus},
  journal = {Communications of the ACM},
  volume = {57},
  number = {10},
  pages = {78--85},
  year = {2014},
  publisher = {ACM New York, NY, USA}
}